<record><leader>00000cas a22000007a 4500</leader><controlfield tag="001">22902724</controlfield><controlfield tag="008">901227d192619uuohudr ne      0    0eng d</controlfield><datafield ind1=" " ind2=" " tag="010"><subfield code="a">sn 90068768 </subfield></datafield><datafield ind1=" " ind2=" " tag="040"><subfield code="a">ONP</subfield><subfield code="b">eng</subfield><subfield code="c">ONP</subfield><subfield code="d">OCLCQ</subfield></datafield><datafield ind1=" " ind2=" " tag="042"><subfield code="a">msc</subfield></datafield><datafield ind1="0" ind2="4" tag="245"><subfield code="a">The Lima gazette and the Lima Republican.</subfield></datafield><datafield ind1=" " ind2=" " tag="260"><subfield code="a">Lima, Ohio :</subfield><subfield code="b">Republican Gazette Co.,</subfield><subfield code="c">1926-</subfield></datafield><datafield ind1=" " ind2=" " tag="300"><subfield code="a">v.</subfield></datafield><datafield ind1=" " ind2=" " tag="310"><subfield code="a">Daily</subfield></datafield><datafield ind1="0" ind2=" " tag="362"><subfield code="a">Jan. 31, 1926-</subfield></datafield><datafield ind1=" " ind2=" " tag="752"><subfield code="a">United States</subfield><subfield code="b">Ohio</subfield><subfield code="c">Allen</subfield><subfield code="d">Lima.</subfield></datafield><datafield ind1="0" ind2="0" tag="780"><subfield code="t">Lima Republican gazette</subfield><subfield code="w">(DLC)sn 89075120</subfield></datafield></record>